<?xml version="1.0" encoding="UTF-8"?><collection xmlns="http://www.loc.gov/MARC21/slim"><record><leader>00516nam--2200193-u-4500</leader><controlfield tag="001">000055729</controlfield><controlfield tag="002">20161230</controlfield><controlfield tag="005">20161230201052</controlfield><controlfield tag="008">130403s1000------------r-----000-0-ger-d</controlfield><datafield ind1=" " ind2=" " tag="040"><subfield code="a">IFIN-HH</subfield></datafield><datafield ind1=" " ind2=" " tag="041"><subfield code="a">ger</subfield></datafield><datafield ind1=" " ind2=" " tag="080"><subfield code="a">53.002(061.3)</subfield></datafield><datafield ind1="1" ind2=" " tag="110"><subfield code="a">Deutschen Physikalischen Gesellschaft</subfield></datafield><datafield ind1="1" ind2="0" tag="245"><subfield code="a">Physik - grundlage der technik</subfield></datafield><datafield ind1=" " ind2=" " tag="260"><subfield code="a">Weinheim</subfield><subfield code="b">Physk Verlag</subfield><subfield code="c">1974</subfield></datafield><datafield ind1=" " ind2=" " tag="300"><subfield code="a">471P</subfield></datafield><datafield ind1=" " ind2=" " tag="490"><subfield code="a">Plenarvortrage Der Physikertagungen</subfield><subfield code="v">Band 11</subfield></datafield><datafield ind1=" " ind2=" " tag="852"><subfield code="a">44434</subfield><subfield code="c">H.H</subfield></datafield><datafield ind1=" " ind2=" " tag="CAT"><subfield code="a">Sys</subfield><subfield code="c">20130403</subfield><subfield code="h">171009</subfield></datafield></record></collection>